<?xml version="1.0" encoding="UTF-8" ?><marc:record xmlns:marc="http://www.loc.gov/MARC21/slim"><marc:leader>00407nam a2200109   4500</marc:leader><marc:controlfield tag="001">1000027</marc:controlfield><marc:controlfield tag="008">100120s1861        enk       |00|| und d</marc:controlfield><marc:datafield tag="100" ind1="1" ind2=" "><marc:subfield code="a">Darwin, Charles.</marc:subfield></marc:datafield><marc:datafield tag="245" ind1="1" ind2="0"><marc:subfield code="a">Die Fauna der Pfahlbauten der Schweiz. :</marc:subfield><marc:subfield code="b">[Supplementary material in Charles Darwin's copy].</marc:subfield></marc:datafield><marc:datafield tag="500" ind1=" " ind2=" "><marc:subfield code="a">Identifier: Rutimeyer1861sk32Q_MS.</marc:subfield></marc:datafield><marc:datafield tag="700" ind1="1" ind2=" "><marc:subfield code="a">Rütimeyer, Ludwig.</marc:subfield></marc:datafield><marc:datafield tag="772" ind1="0" ind2=" "><marc:subfield code="t">Die Fauna der Pfahlbauten der Schweiz.</marc:subfield><marc:subfield code="o">Rutimeyer1861sk32Q</marc:subfield></marc:datafield></marc:record>